@online{what_oss,
    title = {What is open source?},
    author = {opensource.com},
    note = {accessed 2019-04-11},
    url = {https://opensource.com/resources/what-open-source},
}

@online{advantages,
    title = {What are the advantages of open source software?},
    author = {Tom Macaulay},
    publisher = {Computer World UK from IDG},
    year = {2017},
    url = {https://www.computerworlduk.com/galleries/open-source/advantages-of-open-source-software-3664823/}
}

@online{javascript_vs_python,
    title = {Should data scientists learn JavaScript?},
    year = {2018},
    author = {Peter Gleeson},
    publisher = {freeCodeCamp},
    url = {https://medium.freecodecamp.org/should-data-scientists-learn-javascript-e611d45804b8},
}

@phdthesis{simonclark,
    title = {Quasi-geostrophic influence of the polar stratosphere on the troposphere},
    year = {2017},
    author = {Simon James Clark},
    school = {University of Exeter},
    note = {Doctor of Philosophy in Mathematics},
    url = {https://www.simonoxfphys.com/blog/2018/10/15/my-phd-thesis},
}

@online{alpha,
    title = {alpha version},
    author = {Vangie Beal},
    note = {accessed 2019-04-29},
    url = {https://www.webopedia.com/TERM/A/alpha_version.html},
}

@article{python,
    title = {Python},
    author = {Python Software Foundation},
    note = {Version 3.7.1},
    url = {https://www.python.org},
}

@online{nwp,
    title = {Numerical Weather Prediction},
    author = {Peter Lynch},
    url = {https://maths.ucd.ie/~plynch/LECTURE-NOTES/NWP-2004/NWP-CH01-P4.pdf},
    note = {accessed 2019-11-23},
}

@online{beta,
    title = {What Is Beta Software?},
    author = {Tim Fisher},
    url = {https://www.lifewire.com/what-is-beta-software-2625812},
    note = {accessed on 2019-12-19},
    date = {2019-10-14},
}

@article{intro_rnn,
    title = {Illustrated Guide to Recurrent Neural Networks},
    note = {accessed on 2020-05-12},
    url = {https://towardsdatascience.com/illustrated-guide-to-recurrent-neural-networks-79e5eb8049c9},
    author = {Michael Phi},
    year = {2018},
    publisher = {Towards Data Science},
}

@article{lstm_rnn,
    title = {Illustrated Guide to LSTM’s and GRU’s: A step by step explanation},
    note = {accessed on 2020-05-12},
    url = {https://towardsdatascience.com/illustrated-guide-to-lstms-and-gru-s-a-step-by-step-explanation-44e9eb85bf21},
    author = {Michael Phi},
    year = {2018},
    publisher = {Towards Data Science},
}

@article{relu,
    title = {A Gentle Introduction to the Rectified Linear Unit (ReLU)},
    note = {accessed on 2020-05-12},
    url = {https://machinelearningmastery.com/rectified-linear-activation-function-for-deep-learning-neural-networks/},
    author = {Jason Brownlee},
    year = {2019},
    publisher = {Machine Learning Mastery},
}

@article{scikit-learn,
    title={Scikit-learn: Machine Learning in {P}ython},
    author={Pedregosa, F. and Varoquaux, G. and Gramfort, A. and Michel, V.
         and Thirion, B. and Grisel, O. and Blondel, M. and Prettenhofer, P.
         and Weiss, R. and Dubourg, V. and Vanderplas, J. and Passos, A. and
         Cournapeau, D. and Brucher, M. and Perrot, M. and Duchesnay, E.},
    journal={Journal of Machine Learning Research},
    volume={12},
    pages={2825--2830},
    year={2011}
}

@misc{tensorflow,
title={ {TensorFlow}: Large-Scale Machine Learning on Heterogeneous Systems},
url={https://www.tensorflow.org/},
note={Software available from tensorflow.org},
author={
    Martin~Abadi and
    Ashish~Agarwal and
    Paul~Barham and
    Eugene~Brevdo and
    Zhifeng~Chen and
    Craig~Citro and
    Greg~S.~Corrado and
    Andy~Davis and
    Jeffrey~Dean and
    Matthieu~Devin and
    Sanjay~Ghemawat and
    Ian~Goodfellow and
    Andrew~Harp and
    Geoffrey~Irving and
    Michael~Isard and
    Yangqing Jia and
    Rafal~Jozefowicz and
    Lukasz~Kaiser and
    Manjunath~Kudlur and
    Josh~Levenberg and
    Dandelion~Man\'{e} and
    Rajat~Monga and
    Sherry~Moore and
    Derek~Murray and
    Chris~Olah and
    Mike~Schuster and
    Jonathon~Shlens and
    Benoit~Steiner and
    Ilya~Sutskever and
    Kunal~Talwar and
    Paul~Tucker and
    Vincent~Vanhoucke and
    Vijay~Vasudevan and
    Fernanda~Vi\'{e}gas and
    Oriol~Vinyals and
    Pete~Warden and
    Martin~Wattenberg and
    Martin~Wicke and
    Yuan~Yu and
    Xiaoqiang~Zheng},
  year={2015},
}

@article{why_rnn,
    title = {Machine Learning Applied to Weather Forecasting},
    note = {accessed on 2020-05-12},
    url = {https://pdfs.semanticscholar.org/2761/8afb77c5081d942640333528943149a66edd.pdf},
    author = {Mark Holmstrom, Dylan Liu, Christopher Vo},
    year = {2016},
    publisher = {Stanford University},
}

@article{time_series,
    title = {Time series forecasting},
    note = {accessed on 2020-05-12},
    url = {https://colab.research.google.com/github/tensorflow/docs/blob/master/site/en/tutorials/structured_data/time_series.ipynb#scrollTo=2GnE087bJYSu},
    author = {TensorFlow},
    year = {2020},
    publisher = {Google},
}

@misc{rasp2020weatherbench,
      title={WeatherBench: A benchmark dataset for data-driven weather forecasting}, 
      author={Stephan Rasp and Peter D. Dueben and Sebastian Scher and Jonathan A. Weyn and Soukayna Mouatadid and Nils Thuerey},
      year={2020},
      eprint={2002.00469},
      archivePrefix={arXiv},
      primaryClass={physics.ao-ph},
      note = {accessed on 2020-10-12},
}

@online{nwp_introduction,
    title = {Numerical Weather Prediction},
    note = {accessed on 2020-10-12},
    url = {https://www.ncdc.noaa.gov/data-access/model-data/model-datasets/numerical-weather-prediction},
    publisher = {National Oceanic and Atmospheric Administration},
}

@online{era5,
    title = {ERA5},
    note = {accessed on 2020-10-12},
    url = {https://www.ecmwf.int/en/forecasts/datasets/reanalysis-datasets/era5},
    publisher = {European Centre for Medium Range Weather Prediction},
}

@article{pca,
    title = {A STEP BY STEP EXPLANATION OF PRINCIPAL COMPONENT ANALYSIS},
    note = {accessed on 2020-10-12},
    url = {https://builtin.com/data-science/step-step-explanation-principal-component-analysis},
    author = {Zakaria Jaadi},
    year = {2019},
    publisher = {Expert Contributor Network},
}

@article{dimension_reduction,
    title = {Introduction to Dimensionality Reduction for Machine Learning},
    note = {accessed on 2020-10-12},
    url = {https://machinelearningmastery.com/dimensionality-reduction-for-machine-learning/},
    author = {Jason Brownlee},
    year = {2020},
    publisher = {Machine Learning Mastery},
}

@online{res,
    title = {Resolution},
    note = {accessed on 2020-10-16},
    url = {https://content.meteoblue.com/ru/specifications/weather-model-theory/resolution},
    publisher = {meteoblue},
}

@misc{convlstm,
      title={Convolutional LSTM Network: A Machine Learning Approach for Precipitation Nowcasting}, 
      author={Xingjian Shi and Zhourong Chen and Hao Wang and Dit-Yan Yeung and Wai-kin Wong and Wang-chun Woo},
      year={2015},
      eprint={1506.04214},
      archivePrefix={arXiv},
      primaryClass={cs.CV}
}

@online{harmonie_arome_nwp,
    title={OPERATIONAL NWP IN MET ÉIREANN},
    url={https://www.met.ie/science/numerical-weather-prediction/operational-nwp-in-met-eireann},
    note={accessed on 2020-12-28},
    author={Met Éireann}
}

@article(dropout,
    author={Jason Brownlee},
    title={A Gentle Introduction to Dropout for Regularizing Deep Neural Networks},
    year={2018},
    publisher={Machine Learning Mastery},
    note={accessed on 2020-12-28},
    url={https://machinelearningmastery.com/dropout-for-regularizing-deep-neural-networks/}
)

@article{numerical_stability,
    author = {Weyn, Jonathan A. and Durran, Dale R. and Caruana, Rich},
    title = {Can Machines Learn to Predict Weather? Using Deep Learning to Predict Gridded 500-hPa Geopotential Height From Historical Weather Data},
    journal = {Journal of Advances in Modeling Earth Systems},
    volume = {11},
    number = {8},
    pages = {2680-2693},
    keywords = {machine learning, weather prediction, deep learning, neural network},
    doi = {https://doi.org/10.1029/2019MS001705},
    url = {https://agupubs.onlinelibrary.wiley.com/doi/abs/10.1029/2019MS001705},
    eprint = {https://agupubs.onlinelibrary.wiley.com/doi/pdf/10.1029/2019MS001705}
}

@article(batch_normalization,
    author={Jason Brownlee},
    title={A Gentle Introduction to Batch Normalization for Deep Neural Networks},
    year={2019},
    publisher={Machine Learning Mastery},
    note={accessed on 2020-12-28},
    url={https://machinelearningmastery.com/batch-normalization-for-training-of-deep-neural-networks/}
)

@article(dense,
    title={Keras Dense Layer Explained for Beginners},
    author={Palash Sharma},
    note={accessed on 2020-12-28},
    url={https://machinelearningknowledge.ai/keras-dense-layer-explained-for-beginners/},
    year={2020},
    publisher={Machine Learning Knowledge}
}

@article{cubed_sphere,
    author = {Weyn, Jonathan A. and Durran, Dale R. and Caruana, Rich},
    title = {Improving Data-Driven Global Weather Prediction Using Deep Convolutional Neural Networks on a Cubed Sphere},
    journal = {Journal of Advances in Modeling Earth Systems},
    volume = {12},
    number = {9},
    pages = {e2020MS002109},
    doi = {https://doi.org/10.1029/2020MS002109},
    url = {https://agupubs.onlinelibrary.wiley.com/doi/abs/10.1029/2020MS002109},
    eprint = {https://agupubs.onlinelibrary.wiley.com/doi/pdf/10.1029/2020MS002109},
    note = {e2020MS002109 10.1029/2020MS002109},
    year = {2020}
}
